<record><leader>00000cas a2200000 a 4500</leader><controlfield tag="001">34247419</controlfield><controlfield tag="008">960222d18931926azuwr ne      0    0eng d</controlfield><datafield ind1=" " ind2=" " tag="010"><subfield code="a">sn 96060765 </subfield></datafield><datafield ind1=" " ind2=" " tag="040"><subfield code="a">ANN</subfield><subfield code="b">eng</subfield><subfield code="c">ANN</subfield><subfield code="d">CNK</subfield><subfield code="d">ANN</subfield><subfield code="d">OCLCQ</subfield><subfield code="d">OCLCF</subfield><subfield code="d">OCLCO</subfield></datafield><datafield ind1="1" ind2=" " tag="029"><subfield code="a">AU@</subfield><subfield code="b">000012745871</subfield></datafield><datafield ind1=" " ind2=" " tag="042"><subfield code="a">msc</subfield></datafield><datafield ind1=" " ind2=" " tag="043"><subfield code="a">n-us-az</subfield></datafield><datafield ind1="0" ind2=" " tag="130"><subfield code="a">Winslow mail (Winslow, Ariz. : 1893)</subfield></datafield><datafield ind1="1" ind2="4" tag="245"><subfield code="a">The Winslow mail.</subfield></datafield><datafield ind1=" " ind2=" " tag="260"><subfield code="a">Winslow, Ariz. :</subfield><subfield code="b">J.F. Wallace</subfield></datafield><datafield ind1=" " ind2=" " tag="300"><subfield code="a">v.</subfield></datafield><datafield ind1=" " ind2=" " tag="310"><subfield code="a">Weekly,</subfield><subfield code="b">Oct. 23, 1925-Dec. 27, 1926</subfield></datafield><datafield ind1=" " ind2=" " tag="321"><subfield code="a">Weekly,</subfield><subfield code="b">&lt;May 2, 1896&gt;-Apr. 24, 1925</subfield></datafield><datafield ind1=" " ind2=" " tag="321"><subfield code="a">Semiweekly,</subfield><subfield code="b">Apr. 28, 1925-Oct. 20, 1925</subfield></datafield><datafield ind1="1" ind2=" " tag="362"><subfield code="a">Began Dec. 1893.</subfield></datafield><datafield ind1="0" ind2=" " tag="362"><subfield code="a">-v. 36, no. 1 (Dec. 27, 1926).</subfield></datafield><datafield ind1=" " ind2=" " tag="588"><subfield code="a">Description based on: Vol. 3, no. 19 (May 2, 1896).</subfield></datafield><datafield ind1=" " ind2="0" tag="651"><subfield code="a">Winslow (Ariz.)</subfield><subfield code="v">Newspapers.</subfield></datafield><datafield ind1=" " ind2="0" tag="651"><subfield code="a">Navajo County (Ariz.)</subfield><subfield code="v">Newspapers.</subfield></datafield><datafield ind1=" " ind2="7" tag="655"><subfield code="a">Newspapers.</subfield><subfield code="2">fast</subfield><subfield code="0">(OCoLC)fst01423814</subfield></datafield><datafield ind1=" " ind2="7" tag="651"><subfield code="a">Arizona</subfield><subfield code="z">Navajo County.</subfield><subfield code="2">fast</subfield><subfield code="0">(OCoLC)fst01217273</subfield></datafield><datafield ind1=" " ind2="7" tag="651"><subfield code="a">Arizona</subfield><subfield code="z">Winslow.</subfield><subfield code="2">fast</subfield><subfield code="0">(OCoLC)fst01217835</subfield></datafield><datafield ind1=" " ind2=" " tag="752"><subfield code="a">United States</subfield><subfield code="b">Arizona</subfield><subfield code="c">Navajo</subfield><subfield code="d">Winslow.</subfield></datafield><datafield ind1="0" ind2="0" tag="785"><subfield code="t">Winslow daily mail (Winslow, Ariz. : 1926)</subfield><subfield code="w">(DLC)sn 95060744</subfield></datafield></record>